%% This BibTeX bibliography file was created using BibDesk.
%% http://www.cs.ucsd.edu/~mmccrack/bibdesk.html


%% Created for Nien-Po Chen at 2006-05-11 17:32:17 +0800 


%% Saved with string encoding Unicode (UTF-8) 



@book{thinfilm_macleod_2001,
	Author = {Macleod, H. A.},
	Date-Added = {2006-05-09 15:24:40 +0800},
	Date-Modified = {2006-05-09 15:27:26 +0800},
	Edition = {3rd},
	Publisher = {Institute of Physics Publishing},
	Title = {Thin-Film Optical Filters},
	Year = {2001}}

@book{cjk_book,
	Author = {{Neamen 原著}, D. A. and {李世鴻 譯}},
	Date-Added = {2006-04-27 18:18:07 +0800},
	Date-Modified = {2006-05-09 15:24:02 +0800},
	Publisher = {台商圖書},
	Title = {半導體物理及元件},
	Year = {1997}}

@article{jap_093_1108_2003_kondakov,
	Author = {Kondakov, D. Y. and Sandifer, J. R. and Tang, C. W. and Young, R. H.},
	Journal = {J. Appl. Phys.},
	Keywords = {OLED},
	Local-Url = {/Users/Shared/Bib/pdf collections/OLED/JAP_093_1108_2003_kondakov.pdf},
	Title = {Nonradiative recombination centers and electrical aging of organic light-emitting diodes: Direct connection between accumulation of trapped charge and luminance loss},
	Volume = {93},
	Year = {2003}}

@article{ieee_dmr_2_50_2002_chou,
	Author = {Kuo-Yu Chou and Ming-Jer Chen and Chi-Wen Liu and Bing-Hong Lin},
	Date-Modified = {2006-05-09 15:16:18 +0800},
	Journal = {IEEE Trans. Devi. Mat. Reliab.},
	Keywords = {test chip},
	Local-Url = {/Users/Shared/Bib/pdf collections/TEST CHIP/IEEE_dmr_chou2002.pdf},
	Pages = {50--59},
	Title = {Reliability of {VLSI}-Level Chip Assembly for Evaluating the Development of Back-End Technologies Using a Test Chip With a Top Two-Level Metal Structure},
	Volume = {2},
	Year = {2002}}

@article{ieee_ed_50_1830_2003_oriols,
	Author = {Oriols, X.},
	Date-Modified = {2006-04-28 11:07:26 +0800},
	Journal = {IEEE Trans. Electron Devices.},
	Keywords = {Noise,Nano,Simulation},
	Pages = {021101-1--021101-3},
	Title = {Quantum Mechanicals Effects on Noise Properties of Nanoelectronic Devices: Applications to Monte Carlo simulation},
	Volume = {50},
	Year = {2003}}

@article{Chem.Mater._8_1365_1996_Papadimitrakopoulos,
	Author = {Papadimitrakopoulos, F. and Zhang, X. M. and Thomsen, D. L. and Higginson, K. A.},
	Date-Modified = {2006-04-28 11:06:46 +0800},
	Journal = {Chemical material},
	Keywords = {OLED,chemical failure},
	Local-Url = {/Users/Shared/Bib/pdf collections/OLED/chem.mater._8_1363_1996_papadimitrakopoulos.pdf},
	Title = {A Chemical Failure Mechanism for Aluminum({III}) 8-Hydroxyquinoline Light-Emitting Devices},
	Volume = {8},
	Year = {1996}}

@article{jap_079_2745_1996_scott,
	Author = {Scott, J. C. and Kaufman, J. H. and Brock, P. J. and DiPietro, R. and Salem, J. and Goitia, J. A.},
	Date-Modified = {2006-04-28 11:06:11 +0800},
	Journal = {J. Appl. Phys.},
	Keywords = {OLED,degradation},
	Local-Url = {/Users/Shared/Bib/pdf collections/OLED/JAP_079_2745_1996_scott.pdf},
	Title = {Degradation and failure of {MEH-PPV} light-emitting diodes},
	Volume = {79},
	Year = {1996}}

@article{jap_087_8049_2000_adachi,
	Author = {Chihaya Adachi and Baldo, Marc A. and Forrest, Stephen R.},
	Journal = {J. Appl. Phys.},
	Keywords = {OLED},
	Local-Url = {/Users/Shared/Bib/pdf collections/OLED/JAP_087_8049_2000_adachi.pdf},
	Title = {Electroluminescence mechanisms in organic light emitting devices employing a europium chelate doped in a wide energy gap bipolar conducting host},
	Volume = {87},
	Year = {2000}}

@article{jap_089_1704_2001_brutting,
	Author = {Brutting, W. and Riel, H. and Beierlein, T. and Riess, W.},
	Journal = {J. Appl. Phys.},
	Keywords = {OLED,trapped,interfacial charge},
	Local-Url = {/Users/Shared/Bib/pdf collections/OLED/JAP_089_1704_2001_brutting.pdf},
	Title = {Influence of trapped and interfacial charges in organic multilayer light-emitting devices},
	Volume = {89},
	Year = {2001}}

@article{jap_089_4673_2001_popovic,
	Author = {Popovic, Zoran D. and Aziz, Hany and Hu, Nan-Xing},
	Journal = {J. Appl. Phys.},
	Keywords = {OLED},
	Local-Url = {/Users/Shared/Bib/pdf collections/OLED/JAP_089_4673_2001_popovic.pdf},
	Title = {Simultaneous electroluminescence and photoluminescence aging studies of tris(8-hydroxyquinoline)aluminum-based organic light-emitting devices},
	Volume = {89},
	Year = {2001}}

@article{synth.met._132_9_2002_nomura,
	Author = {Nomura, M. and Fukukawa, K. and Shibasaki, Y. and Ueda, M.},
	Journal = {Synthetic Metals},
	Keywords = {OLED},
	Local-Url = {/Users/Shared/Bib/pdf collections/OLED/synth.met._132_9_2002_nomura.pdf},
	Title = {New amorphous hole-transporting molecular materials: 1,1,1-Tris(4-(4-diarylaminobenzoyloxy)phenyl)ethane},
	Volume = {132},
	Year = {2002}}
