%% This BibTeX bibliography file was created using BibDesk.
%% http://www.cs.ucsd.edu/~mmccrack/bibdesk.html


%% Created for Nien-Po Chen at 2012-07-23 09:46:59 +0800 


%% Saved with string encoding Unicode (UTF-8) 



@misc{url_c_tutorial,
	Date-Added = {2012-07-23 09:45:40 +0800},
	Date-Modified = {2012-07-23 09:46:59 +0800},
	Howpublished = {\url{http://www.cprogramming.com/tutorial/c/lesson2.html}},
	Title = {Lesson 2: If statements in C}}

@misc{url_wiki_cv,
	Author = {Wikipedia},
	Date-Added = {2012-07-07 10:38:12 +0800},
	Date-Modified = {2012-07-07 11:04:54 +0800},
	Howpublished = {\url{http://zh.wikipedia.org/wiki/%E5%BE%AA%E7%92%B0%E4%BC%8F%E5%AE%89%E6%B3%95}},
	Title = {循環伏安法}}

@misc{url_ber_nechayev_2012,
	Author = {Michael Nechayev and Danson Nguyen},
	Date-Added = {2012-07-06 21:34:27 +0800},
	Date-Modified = {2012-07-06 21:40:04 +0800},
	Howpublished = {Berkeley Energy Review, \url{http://ucs.berkeley.edu/energy/2012/06/windmisc/electricity-generating-viruses-give-new-meaning-to-power-walking/}},
	Title = {Electricity-generating Viruses Give New Meaning to `Power-Walking'},
	Year = {2012}}

@misc{url_latex_wikibook_math,
	Date-Added = {2012-07-05 11:47:11 +0800},
	Date-Modified = {2012-07-05 11:47:47 +0800},
	Howpublished = {\url{http://en.wikibooks.org/wiki/LaTeX/Mathematics}},
	Title = {{\LaTeX}/Mathematics in Wikibook}}

@misc{url_journal_names,
	Author = {陳念波},
	Date-Added = {2012-07-05 10:01:37 +0800},
	Date-Modified = {2012-07-05 11:30:09 +0800},
	Howpublished = {\url{http://exciton.eo.yzu.edu.tw/~lab/?p=712}},
	Title = {期刊名稱的縮寫},
	Year = {2011}}

@misc{url_table_editor,
	Date-Added = {2012-07-04 13:54:56 +0800},
	Date-Modified = {2012-07-04 14:09:25 +0800},
	Howpublished = {{\url{http://truben.no/latex/table/}}},
	Title = {{\LaTeX} table editor}}

@misc{url_excel2latex,
	Date-Added = {2012-07-04 13:53:17 +0800},
	Date-Modified = {2012-07-04 14:09:19 +0800},
	Howpublished = {{\url{http://www.ctan.org/tex-archive/support/excel2latex/}}},
	Title = {Excel to {\LaTeX}}}

@misc{url_latex_wikibook_table,
	Date-Added = {2012-07-04 13:47:09 +0800},
	Date-Modified = {2012-07-04 14:09:12 +0800},
	Howpublished = {{\url{http://en.wikibooks.org/wiki/LaTeX/Tables}}},
	Title = {{\LaTeX}/Tables in Wikibook}}

@misc{lee_latex123,
	Author = {李果正},
	Date-Added = {2012-07-03 18:09:02 +0800},
	Date-Modified = {2012-07-04 14:09:06 +0800},
	Howpublished = {{\url{http://idv.sinica.edu.tw/jwang/SNGP/%A4%A4%A4%E5LaTeX/LaTeX123/}}},
	Title = {大家來學 {\LaTeX}},
	Year = {2004}}

@book{thinfilm_macleod_2001,
	Author = {Macleod, H. A.},
	Date-Added = {2006-05-09 15:24:40 +0800},
	Date-Modified = {2006-05-09 15:27:26 +0800},
	Edition = {3rd},
	Publisher = {Institute of Physics Publishing},
	Title = {Thin-Film Optical Filters},
	Year = {2001}}

@book{cjk_book,
	Author = {{Neamen 原著}, D. A. and {李世鴻 譯}},
	Date-Added = {2006-04-27 18:18:07 +0800},
	Date-Modified = {2006-05-09 15:24:02 +0800},
	Publisher = {台商圖書},
	Title = {半導體物理及元件},
	Year = {1997}}

@article{jap_093_1108_2003_kondakov,
	Author = {Kondakov, D. Y. and Sandifer, J. R. and Tang, C. W. and Young, R. H.},
	Journal = {J. Appl. Phys.},
	Keywords = {OLED},
	Local-Url = {/Users/Shared/Bib/pdf collections/OLED/JAP_093_1108_2003_kondakov.pdf},
	Title = {Nonradiative recombination centers and electrical aging of organic light-emitting diodes: Direct connection between accumulation of trapped charge and luminance loss},
	Volume = {93},
	Year = {2003}}

@article{ieee_dmr_2_50_2002_chou,
	Author = {Kuo-Yu Chou and Ming-Jer Chen and Chi-Wen Liu and Bing-Hong Lin},
	Date-Modified = {2006-05-09 15:16:18 +0800},
	Journal = {IEEE Trans. Devi. Mat. Reliab.},
	Keywords = {test chip},
	Local-Url = {/Users/Shared/Bib/pdf collections/TEST CHIP/IEEE_dmr_chou2002.pdf},
	Pages = {50--59},
	Title = {Reliability of {VLSI}-Level Chip Assembly for Evaluating the Development of Back-End Technologies Using a Test Chip With a Top Two-Level Metal Structure},
	Volume = {2},
	Year = {2002},
	Bdsk-File-1 = {YnBsaXN0MDDUAQIDBAUIJidUJHRvcFgkb2JqZWN0c1gkdmVyc2lvblkkYXJjaGl2ZXLRBgdUcm9vdIABqAkKFRYXGyIjVSRudWxs0wsMDQ4RFFpOUy5vYmplY3RzV05TLmtleXNWJGNsYXNzog8QgASABqISE4ACgAOAB1lhbGlhc0RhdGFccmVsYXRpdmVQYXRo0hgNGRpXTlMuZGF0YU8RAbAAAAAAAbAAAgAABlNub29weQAAAAAAAAAAAAAAAAAAAAAAAAAAAMl6BqhIKwAAAA1sKhVJRUVFX2Rtcl9jaG91MjAwMi5wZGYAAAAAAAAAAAAAAAAAAAAAAAAAAAAAAAAAAAAAAAAAAAAAAAAAAAAAAAAADWwruejPvQAAAAAAAAAAAAQABQAACSAAAAAAAAAAAAAAAAAAAAAJVEVTVCBDSElQAAAQAAgAAMl5ligAAAARAAgAALnoXz0AAAABABQADWwqAA1sGAANbBYAAJfuAACX7QACAEdTbm9vcHk6VXNlcnM6U2hhcmVkOkJpYjpwZGYgY29sbGVjdGlvbnM6VEVTVCBDSElQOklFRUVfZG1yX2Nob3UyMDAyLnBkZgAADgAsABUASQBFAEUARQBfAGQAbQByAF8AYwBoAG8AdQAyADAAMAAyAC4AcABkAGYADwAOAAYAUwBuAG8AbwBwAHkAEgBAVXNlcnMvU2hhcmVkL0JpYi9wZGYgY29sbGVjdGlvbnMvVEVTVCBDSElQL0lFRUVfZG1yX2Nob3UyMDAyLnBkZgATAAEvAP//AACABdIcHR4fWCRjbGFzc2VzWiRjbGFzc25hbWWjHyAhXU5TTXV0YWJsZURhdGFWTlNEYXRhWE5TT2JqZWN0XxBGLi4vLi4vLi4vLi4vU2hhcmVkL0JpYi9wZGYgY29sbGVjdGlvbnMvVEVTVCBDSElQL0lFRUVfZG1yX2Nob3UyMDAyLnBkZtIcHSQloiUhXE5TRGljdGlvbmFyeRIAAYagXxAPTlNLZXllZEFyY2hpdmVyAAgAEQAWAB8AKAAyADUAOgA8AEUASwBSAF0AZQBsAG8AcQBzAHYAeAB6AHwAhgCTAJgAoAJUAlYCWwJkAm8CcwKBAogCkQLaAt8C4gLvAvQAAAAAAAACAQAAAAAAAAAoAAAAAAAAAAAAAAAAAAADBg==}}

@article{ieee_ed_50_1830_2003_oriols,
	Author = {Oriols, X.},
	Date-Modified = {2006-04-28 11:07:26 +0800},
	Journal = {IEEE Trans. Electron Devices.},
	Keywords = {Noise,Nano,Simulation},
	Pages = {021101-1--021101-3},
	Title = {Quantum Mechanicals Effects on Noise Properties of Nanoelectronic Devices: Applications to Monte Carlo simulation},
	Volume = {50},
	Year = {2003}}

@article{Chem.Mater._8_1365_1996_Papadimitrakopoulos,
	Author = {Papadimitrakopoulos, F. and Zhang, X. M. and Thomsen, D. L. and Higginson, K. A.},
	Date-Modified = {2006-04-28 11:06:46 +0800},
	Journal = {Chemical material},
	Keywords = {OLED,chemical failure},
	Local-Url = {/Users/Shared/Bib/pdf collections/OLED/chem.mater._8_1363_1996_papadimitrakopoulos.pdf},
	Title = {A Chemical Failure Mechanism for Aluminum({III}) 8-Hydroxyquinoline Light-Emitting Devices},
	Volume = {8},
	Year = {1996}}

@article{jap_079_2745_1996_scott,
	Author = {Scott, J. C. and Kaufman, J. H. and Brock, P. J. and DiPietro, R. and Salem, J. and Goitia, J. A.},
	Date-Modified = {2006-04-28 11:06:11 +0800},
	Journal = {J. Appl. Phys.},
	Keywords = {OLED,degradation},
	Local-Url = {/Users/Shared/Bib/pdf collections/OLED/JAP_079_2745_1996_scott.pdf},
	Title = {Degradation and failure of {MEH-PPV} light-emitting diodes},
	Volume = {79},
	Year = {1996},
	Bdsk-File-1 = {YnBsaXN0MDDUAQIDBAUIJidUJHRvcFgkb2JqZWN0c1gkdmVyc2lvblkkYXJjaGl2ZXLRBgdUcm9vdIABqAkKFRYXGyIjVSRudWxs0wsMDQ4RFFpOUy5vYmplY3RzV05TLmtleXNWJGNsYXNzog8QgASABqISE4ACgAOAB1lhbGlhc0RhdGFccmVsYXRpdmVQYXRo0hgNGRpXTlMuZGF0YU8RAbgAAAAAAbgAAgAABlNub29weQAAAAAAAAAAAAAAAAAAAAAAAAAAAMl6BqhIKwAAAA1sGRtKQVBfMDc5XzI3NDVfMTk5Nl9zY290dC5wZGYAAAAAAAAAAAAAAAAAAAAAAAAAAAAAAAAAAAAAAAAAAAAAAAAADWwfvFgD2wAAAAAAAAAAAAQABQAACSAAAAAAAAAAAAAAAAAAAAAET0xFRAAQAAgAAMl5ligAAAARAAgAALxXk1sAAAABABQADWwZAA1sGAANbBYAAJfuAACX7QACAEhTbm9vcHk6VXNlcnM6U2hhcmVkOkJpYjpwZGYgY29sbGVjdGlvbnM6T0xFRDpKQVBfMDc5XzI3NDVfMTk5Nl9zY290dC5wZGYADgA4ABsASgBBAFAAXwAwADcAOQBfADIANwA0ADUAXwAxADkAOQA2AF8AcwBjAG8AdAB0AC4AcABkAGYADwAOAAYAUwBuAG8AbwBwAHkAEgBBVXNlcnMvU2hhcmVkL0JpYi9wZGYgY29sbGVjdGlvbnMvT0xFRC9KQVBfMDc5XzI3NDVfMTk5Nl9zY290dC5wZGYAABMAAS8A//8AAIAF0hwdHh9YJGNsYXNzZXNaJGNsYXNzbmFtZaMfICFdTlNNdXRhYmxlRGF0YVZOU0RhdGFYTlNPYmplY3RfEEcuLi8uLi8uLi8uLi9TaGFyZWQvQmliL3BkZiBjb2xsZWN0aW9ucy9PTEVEL0pBUF8wNzlfMjc0NV8xOTk2X3Njb3R0LnBkZtIcHSQloiUhXE5TRGljdGlvbmFyeRIAAYagXxAPTlNLZXllZEFyY2hpdmVyAAgAEQAWAB8AKAAyADUAOgA8AEUASwBSAF0AZQBsAG8AcQBzAHYAeAB6AHwAhgCTAJgAoAJcAl4CYwJsAncCewKJApACmQLjAugC6wL4Av0AAAAAAAACAQAAAAAAAAAoAAAAAAAAAAAAAAAAAAADDw==}}

@article{jap_087_8049_2000_adachi,
	Author = {Chihaya Adachi and Baldo, Marc A. and Forrest, Stephen R.},
	Journal = {J. Appl. Phys.},
	Keywords = {OLED},
	Local-Url = {/Users/Shared/Bib/pdf collections/OLED/JAP_087_8049_2000_adachi.pdf},
	Title = {Electroluminescence mechanisms in organic light emitting devices employing a europium chelate doped in a wide energy gap bipolar conducting host},
	Volume = {87},
	Year = {2000},
	Bdsk-File-1 = {YnBsaXN0MDDUAQIDBAUIJidUJHRvcFgkb2JqZWN0c1gkdmVyc2lvblkkYXJjaGl2ZXLRBgdUcm9vdIABqAkKFRYXGyIjVSRudWxs0wsMDQ4RFFpOUy5vYmplY3RzV05TLmtleXNWJGNsYXNzog8QgASABqISE4ACgAOAB1lhbGlhc0RhdGFccmVsYXRpdmVQYXRo0hgNGRpXTlMuZGF0YU8RAbwAAAAAAbwAAgAABlNub29weQAAAAAAAAAAAAAAAAAAAAAAAAAAAMl6BqhIKwAAAA1sGRxKQVBfMDg3XzgwNDlfMjAwMF9hZGFjaGkucGRmAAAAAAAAAAAAAAAAAAAAAAAAAAAAAAAAAAAAAAAAAAAAAAAADWwgvFgD4AAAAAAAAAAAAAQABQAACSAAAAAAAAAAAAAAAAAAAAAET0xFRAAQAAgAAMl5ligAAAARAAgAALxXk2AAAAABABQADWwZAA1sGAANbBYAAJfuAACX7QACAElTbm9vcHk6VXNlcnM6U2hhcmVkOkJpYjpwZGYgY29sbGVjdGlvbnM6T0xFRDpKQVBfMDg3XzgwNDlfMjAwMF9hZGFjaGkucGRmAAAOADoAHABKAEEAUABfADAAOAA3AF8AOAAwADQAOQBfADIAMAAwADAAXwBhAGQAYQBjAGgAaQAuAHAAZABmAA8ADgAGAFMAbgBvAG8AcAB5ABIAQlVzZXJzL1NoYXJlZC9CaWIvcGRmIGNvbGxlY3Rpb25zL09MRUQvSkFQXzA4N184MDQ5XzIwMDBfYWRhY2hpLnBkZgATAAEvAP//AACABdIcHR4fWCRjbGFzc2VzWiRjbGFzc25hbWWjHyAhXU5TTXV0YWJsZURhdGFWTlNEYXRhWE5TT2JqZWN0XxBILi4vLi4vLi4vLi4vU2hhcmVkL0JpYi9wZGYgY29sbGVjdGlvbnMvT0xFRC9KQVBfMDg3XzgwNDlfMjAwMF9hZGFjaGkucGRm0hwdJCWiJSFcTlNEaWN0aW9uYXJ5EgABhqBfEA9OU0tleWVkQXJjaGl2ZXIACAARABYAHwAoADIANQA6ADwARQBLAFIAXQBlAGwAbwBxAHMAdgB4AHoAfACGAJMAmACgAmACYgJnAnACewJ/Ao0ClAKdAugC7QLwAv0DAgAAAAAAAAIBAAAAAAAAACgAAAAAAAAAAAAAAAAAAAMU}}

@article{jap_089_1704_2001_brutting,
	Author = {Brutting, W. and Riel, H. and Beierlein, T. and Riess, W.},
	Journal = {J. Appl. Phys.},
	Keywords = {OLED,trapped,interfacial charge},
	Local-Url = {/Users/Shared/Bib/pdf collections/OLED/JAP_089_1704_2001_brutting.pdf},
	Title = {Influence of trapped and interfacial charges in organic multilayer light-emitting devices},
	Volume = {89},
	Year = {2001},
	Bdsk-File-1 = {YnBsaXN0MDDUAQIDBAUIJidUJHRvcFgkb2JqZWN0c1gkdmVyc2lvblkkYXJjaGl2ZXLRBgdUcm9vdIABqAkKFRYXGyIjVSRudWxs0wsMDQ4RFFpOUy5vYmplY3RzV05TLmtleXNWJGNsYXNzog8QgASABqISE4ACgAOAB1lhbGlhc0RhdGFccmVsYXRpdmVQYXRo0hgNGRpXTlMuZGF0YU8RAcQAAAAAAcQAAgAABlNub29weQAAAAAAAAAAAAAAAAAAAAAAAAAAAMl6BqhIKwAAAA1sGR5KQVBfMDg5XzE3MDRfMjAwMV9icnV0dGluZy5wZGYAAAAAAAAAAAAAAAAAAAAAAAAAAAAAAAAAAAAAAAAAAAAADWwhvFgD1AAAAAAAAAAAAAQABQAACSAAAAAAAAAAAAAAAAAAAAAET0xFRAAQAAgAAMl5ligAAAARAAgAALxXk1QAAAABABQADWwZAA1sGAANbBYAAJfuAACX7QACAEtTbm9vcHk6VXNlcnM6U2hhcmVkOkJpYjpwZGYgY29sbGVjdGlvbnM6T0xFRDpKQVBfMDg5XzE3MDRfMjAwMV9icnV0dGluZy5wZGYAAA4APgAeAEoAQQBQAF8AMAA4ADkAXwAxADcAMAA0AF8AMgAwADAAMQBfAGIAcgB1AHQAdABpAG4AZwAuAHAAZABmAA8ADgAGAFMAbgBvAG8AcAB5ABIARFVzZXJzL1NoYXJlZC9CaWIvcGRmIGNvbGxlY3Rpb25zL09MRUQvSkFQXzA4OV8xNzA0XzIwMDFfYnJ1dHRpbmcucGRmABMAAS8A//8AAIAF0hwdHh9YJGNsYXNzZXNaJGNsYXNzbmFtZaMfICFdTlNNdXRhYmxlRGF0YVZOU0RhdGFYTlNPYmplY3RfEEouLi8uLi8uLi8uLi9TaGFyZWQvQmliL3BkZiBjb2xsZWN0aW9ucy9PTEVEL0pBUF8wODlfMTcwNF8yMDAxX2JydXR0aW5nLnBkZtIcHSQloiUhXE5TRGljdGlvbmFyeRIAAYagXxAPTlNLZXllZEFyY2hpdmVyAAgAEQAWAB8AKAAyADUAOgA8AEUASwBSAF0AZQBsAG8AcQBzAHYAeAB6AHwAhgCTAJgAoAJoAmoCbwJ4AoMChwKVApwCpQLyAvcC+gMHAwwAAAAAAAACAQAAAAAAAAAoAAAAAAAAAAAAAAAAAAADHg==}}

@article{jap_089_4673_2001_popovic,
	Author = {Popovic, Zoran D. and Aziz, Hany and Hu, Nan-Xing},
	Journal = {J. Appl. Phys.},
	Keywords = {OLED},
	Local-Url = {/Users/Shared/Bib/pdf collections/OLED/JAP_089_4673_2001_popovic.pdf},
	Title = {Simultaneous electroluminescence and photoluminescence aging studies of tris(8-hydroxyquinoline)aluminum-based organic light-emitting devices},
	Volume = {89},
	Year = {2001},
	Bdsk-File-1 = {YnBsaXN0MDDUAQIDBAUIJidUJHRvcFgkb2JqZWN0c1gkdmVyc2lvblkkYXJjaGl2ZXLRBgdUcm9vdIABqAkKFRYXGyIjVSRudWxs0wsMDQ4RFFpOUy5vYmplY3RzV05TLmtleXNWJGNsYXNzog8QgASABqISE4ACgAOAB1lhbGlhc0RhdGFccmVsYXRpdmVQYXRo0hgNGRpXTlMuZGF0YU8RAcAAAAAAAcAAAgAABlNub29weQAAAAAAAAAAAAAAAAAAAAAAAAAAAMl6BqhIKwAAAA1sGR1KQVBfMDg5XzQ2NzNfMjAwMV9wb3BvdmljLnBkZgAAAAAAAAAAAAAAAAAAAAAAAAAAAAAAAAAAAAAAAAAAAAAADWwivFgD4wAAAAAAAAAAAAQABQAACSAAAAAAAAAAAAAAAAAAAAAET0xFRAAQAAgAAMl5ligAAAARAAgAALxXk2MAAAABABQADWwZAA1sGAANbBYAAJfuAACX7QACAEpTbm9vcHk6VXNlcnM6U2hhcmVkOkJpYjpwZGYgY29sbGVjdGlvbnM6T0xFRDpKQVBfMDg5XzQ2NzNfMjAwMV9wb3BvdmljLnBkZgAOADwAHQBKAEEAUABfADAAOAA5AF8ANAA2ADcAMwBfADIAMAAwADEAXwBwAG8AcABvAHYAaQBjAC4AcABkAGYADwAOAAYAUwBuAG8AbwBwAHkAEgBDVXNlcnMvU2hhcmVkL0JpYi9wZGYgY29sbGVjdGlvbnMvT0xFRC9KQVBfMDg5XzQ2NzNfMjAwMV9wb3BvdmljLnBkZgAAEwABLwD//wAAgAXSHB0eH1gkY2xhc3Nlc1okY2xhc3NuYW1lox8gIV1OU011dGFibGVEYXRhVk5TRGF0YVhOU09iamVjdF8QSS4uLy4uLy4uLy4uL1NoYXJlZC9CaWIvcGRmIGNvbGxlY3Rpb25zL09MRUQvSkFQXzA4OV80NjczXzIwMDFfcG9wb3ZpYy5wZGbSHB0kJaIlIVxOU0RpY3Rpb25hcnkSAAGGoF8QD05TS2V5ZWRBcmNoaXZlcgAIABEAFgAfACgAMgA1ADoAPABFAEsAUgBdAGUAbABvAHEAcwB2AHgAegB8AIYAkwCYAKACZAJmAmsCdAJ/AoMCkQKYAqEC7QLyAvUDAgMHAAAAAAAAAgEAAAAAAAAAKAAAAAAAAAAAAAAAAAAAAxk=}}

@article{synth.met._132_9_2002_nomura,
	Author = {Nomura, M. and Fukukawa, K. and Shibasaki, Y. and Ueda, M.},
	Journal = {Synthetic Metals},
	Keywords = {OLED},
	Local-Url = {/Users/Shared/Bib/pdf collections/OLED/synth.met._132_9_2002_nomura.pdf},
	Title = {New amorphous hole-transporting molecular materials: 1,1,1-Tris(4-(4-diarylaminobenzoyloxy)phenyl)ethane},
	Volume = {132},
	Year = {2002}}
